@article{montes2014,
  title={climateprediction.net: A Cloudy Approach},
  author={Montes, D.},
  number={},
  pages={},
  year={2014},  
  journal={Master Thesis. High Performance Computing Masters. University of Santiago de Compostela}
}

@article{Ries2011,
  title={A UML Profile for the Berkeley Open Infrastructure for Network Computing (BOINC)},
  author={C. B. Ries and C. Schr√∂der and V. Grout}, 
  number={},
  pages={},
  year={2011},  
  journal={Proc. IEEE Conference on Computer Applications and Industrial Electronics (ICCAIE2011)}
}

@article{boinc:Online,
author = {BOINC},
title = {{B}erkeley {O}pen {I}nfrastructure for {N}etwork {C}omputing},
year = {2014},
URL = {http://boinc.berkeley.edu/}
}

@article{Boto:2010:Online,
author = {Mitch Garnaat},
title = {{boto}: A {P}ython interface to {A}mazon {W}eb {S}ervices},
year = {2010},
URL = {http://boto.readthedocs.org/en/latest/}
}

@article{Flask:2013:Online,
author = {Miguel Grinberg},
title = {Designing a {RESTful} {API} with {P}ython and {F}lask},
month = May,
year = {2013},
URL = {http://blog.miguelgrinberg.com/post/designing-a-restful-api-with-python-and-flask}
}

@article{Koren:2005:Presentation,
    author  = "S. Koren",
    title   = "{BOINC}: A System for Public-Resource Computing and Storage",
    publisher = "Presented as the 220th Annual State of the Union Address, Washington, DC",
    month = November,
    year    = {2005},
    URL = {http://www.cs.umd.edu/class/fall2005/cmsc714/Lectures/koren-boinc.pdf}
}

@article{boincAPI:2006:Online,
author = {are.ehibou.com},
title = {{BOINC} {API}},
month = Feb,
year = {2006},
URL = {http://are.ehibou.com/boinc-boinc-api/}
}

@article{ConfigureBOINC:2012:Online,
author = {Spy Hill Research},
title = {Creating and Configuring a {BOINC} Project},
month = Jan,
year = {2012},
URL = {http://www.spy-hill.net/~myers/help/boinc/Create_Project.html}
}

 
@article{allen1999,
  title={Do it yourself {climate} {prediction}},
  author={M. Allen},
  journal={Nature},
  number={401},
  pages={642},
  year={1999},
  publisher={Nature}
}

@article{armbrust2010view,
  Title={A view of cloud computing},
  author={Armbrust, Michael and Fox, Armando and Griffith, Rean and Joseph, Anthony D and Katz, Randy and Konwinski, Andy and Lee, Gunho and Patterson, David and Rabkin, Ariel and Stoica, Ion and others},
  journal={Commun. of the ACM},
  volume={53},
  number={4},
  pages={50-58},
  year={2010},
  publisher={ACM}
}

@article {massey2015,
author = {Massey, N. and Jones, R. and Otto, F. E. L. and Aina, T. and Wilson, S. and Murphy, J. M. and Hassell, D. and Yamazaki, Y. H. and Allen, M. R.},
title = {weather@home--development and validation of a very large ensemble modelling system for probabilistic event attribution},
journal = {Q. J. R. Meteorol. Soc.},
publisher = {John Wiley & Sons, Ltd},
issn = {1477-870X},
URL = {http://dx.doi.org/10.1002/qj.2455},
DOI = {10.1002/qj.2455},
keywords = {global climate model, regional climate model, event attribution, distributed computing},
year = {2015},
}

@article{weatherhome2014,
author = {climateprediction.net},
title = {Weather@home 2014: the causes of the {UK} winter floods},
year = {2014},
URL = {http://www.climateprediction.net/weatherathome/weatherhome-2014/}
}

@article{cloud2011amazon,
  title={Amazon {W}eb {S}ervices, Amazon Elastic Compute API Reference},
  author={Amazon},
  journal={Retrieved November},
  year={2015}
}

@article{gordon2000,
year={2000},
issn={0930-7575},
journal={Clim. Dyn.},
volume={16},
number={2-3},
DOI={10.1007/s003820050010},
title={The simulation of {SST}, sea ice extents and ocean heat transports in a version of the {Hadley} {Centre} coupled model without flux adjustments},
publisher={Springer-Verlag},
author={Gordon, C. and Cooper, C. and Senior, C. A. and Banks, H. and Gregory, J. M. and Johns, T. C. and Mitchell, J. F. B. and Wood, R. A.},
pages={147-168},
language={English}
}

@article{pope2000,
  title={The impact of new physical parametrizations in the Hadley Centre climate model: HadAM3},
  author={Pope and V. D. and M. L. Gallani and P. R. Rowntree and R. A. Stratton},
  number={16},
  pages={123-146},
  year={2000},  
  journal={Clim. Dyn.}
}

@article{schaller2014,
  title={The heavy precipitation event of May-June 2013 in the upper Danube and Elbe basins},
  author={Schaller, N. and Otto, F. E. L. and van Oldenborgh, G. J. and Massey, N. R. and Sparrow, S. and Allen, M. R.},
  volume={95},
  number={9},
  pages={S69-S72},
  year={2014},  
  journal={Bull. Am. Meteor. Soc.}
}


@article{anel2014,
  title={The extreme snow accumulation in the western Spanish Pyrenees during winter and spring 2013},
  author={A\~nel, J. A. and L\'opez-Moreno, J. I. and Otto, F. E. L. and Vicente-Serrano, S. and Schaller, N. and Massey, N. and Buis\'an, S.T. and Allen, M. R.}, 
  volume={95},
  number={9},
  pages={S73-S76},
  year={2014},  
  journal={Bull. Am. Meterol. Soc.}
}

@article{anel2011,
  title={The importance of reviewing the code},
  author={A\~nel, J. A.},  
  journal={Commun. of the ACM},
  volume={5},
  number={54},
  pages={10.1145/1941487.1941502.},
  year={2011},
  publisher={ACM}
}

@article{bind2010,
author = {howtoforge.com},
title = {BIND Installation On CentOS},
month = {Mar},
year = {2010},
URL = {http://www.howtoforge.com/bind-installation-on-centos}
}

@article{ubuntu,
author = {{Canonical Ltd.}},
title = {Ubuntu},
year = {2014},
URL = {http://www.ubuntu.com}
}

@article{git,
author = {Linus Torvalds},
title = {Git: free and open source distributed version control system},
year = {2014},
URL = {http://www.git-scm.com}
}

@article{azure2014,
author = {Microsoft},
title = {Azure Research Awards},
year = {2014},
URL = {http://blogs.msdn.com/b/azure\_4\_research/archive/2014/05/08/announcing-47-new-azure-research-awards.aspx}
}

@article {S3pricing,
author = {AWS},
title = {S3 Princing},
year = {2016a},
URL = {https://aws.amazon.com/s3/pricing/}
}

@article {AWSWaiver,
author = {AWS},
title = {AWS Offers Data Egress Discount to Researchers},
year = {2016b},
URL = {https://aws.amazon.com/blogs/publicsector/aws-offers-data-egress-discount-to-researchers/}
}


@article {AWSGlacier,
author = {AWS},
title = {Glacier},
year = {2016c},
URL = {https://aws.amazon.com/glacier/}
}


@article{CPDNweb,
author = {CPDN},
title = {ClimatePrediction.net},
year = {2015},
URL = {http://www.climateprediction.net}
}

@article{iosup2011,
  title={Performance analysis of cloud computing services for many-tasks scientific computing},
  author={Iosup, Alexandru and Ostermann, Simon and Yigitbasi, M Nezih and Prodan, Radu and Fahringer, Thomas and Epema, Dick HJ},
  journal={Parallel and Distributed Systems, IEEE Transactions on},
  volume={22},
  number={6},
  pages={931--945},
  year={2011},
  publisher={IEEE}
}

@inproceedings{raicu2008,
  title={Many-task computing for grids and supercomputers},
  author={Raicu, Ioan and Foster, Ian T and Zhao, Yong},
  booktitle={Many-Task Computing on Grids and Supercomputers, Workshop on},
  pages={1--11},
  year={2008},
  organization={IEEE}
}

@inproceedings{zhao2015,
  title={High-Performance Storage Support for Scientific Applications on the Cloud},
  author={Zhao, Dongfang and Yang, Xu and  Sadooghi, Iman and  Garzoglio, Gabriele and Timm, Steven and Raicu, Ioan},
  booktitle={ScienceCloud '15 Proceedings of the 6th Workshop on Scientific Cloud Computing},
  pages={33--36},
  year={2015},
  organization={ACM}
  DOI={10.1145/2755644.2755648}
}

@inproceedings{anderson2004,
 author = {Anderson, David P.},
 title = {BOINC: A System for Public-Resource Computing and Storage},
 booktitle = {Proceedings of the 5th IEEE/ACM International Workshop on Grid Computing},
 series = {GRID '04},
 year = {2004},
 isbn = {0-7695-2256-4},
 pages = {4--10},
 numpages = {7},
 URL = {http://dx.doi.org/10.1109/GRID.2004.14},
 DOI = {10.1109/GRID.2004.14},
 acmid = {1033223},
 publisher = {IEEE Computer Society},
 address = {Washington, DC, USA},
}

@inproceedings{uhe2016,
  title={Utilising Amazon Web Services to provide an on demand urgent computing facility for climateprediction.net},
  author={Uhe, Peter and Otto, Friederike E. L. and  Rashid, Md Mamunur and  Wallom, David C. H.},
  booktitle={Proceedings of the 2016 IEEE 12th International Conference on e-Science},
  pages={1--7},
  year={2016},
  organization={IEEE}
}

@Article{black2016,
AUTHOR = {Black, M. T. and Karoly, D. J. and Rosier, S. M. and Dean, S. M. and King, A. D. and Massey, N. R. and Sparrow, S. N. and Bowery, A. and Wallom, D. and Jones, R. G. and Otto, F. E. L. and Allen, M. R.},
TITLE = {{The weather@home regional climate modelling project for Australia
and New Zealand}},
JOURNAL = {Geoscientific Model Development Discussions},
VOLUME = {2016},
YEAR = {2016},
PAGES = {1--28},
URL = {http://www.geosci-model-dev-discuss.net/gmd-2016-100/},
DOI = {10.5194/gmd-2016-100}
}

@article{schaller2016,
	title={{Human influence on climate in the 2014 southern England winter floods and their impacts}},
	author={Schaller, Nathalie and Kay, Alison L and Lamb, Rob and Massey, Neil R and van Oldenborgh, Geert Jan and Otto, Friederike EL and Sparrow, Sarah N and Vautard, Robert and Yiou, Pascal and Ashpole, Ian and Bowery, Andy and Crooks, Susan M and Haustein, Karsten and Huntingford, Chris and Ingram, William J and Jones, Richard G and Legg, Tim and Miller, Jonathan and Skeggs, Jessica and Wallom, David and Weisheimer, Antje and Wilson, Simon and Stott, Peter A and Allen, Myles R},
	journal={Nature Climate Change},
	year={2016},
	publisher={Nature Publishing Group}
}